@article{AEMWC,
	title={Observation of {Bose-Einstein Condensation} in a {Dilute Atomic Vapor}},
	author={Anderson,M. and Ensher,J. and Matthews,M. and Wieman,C. and Cornell,E},
	journal={Science},
	volume={269},
	number={5221},
	pages={198--201},
	year={1995},
	month={July},
	url={http://www.jstor.org/stable/2888436}
}

@article{BTGHV,
  title = {Observation of a shape resonance in the collision of two cold $^{87}\mathrm{Rb}$ atoms},
  author = {Boesten,H. M. J. M. and Tsai,C. C. and Gardner,J. R. and Heinzen,D. J. and Verhaar,B. J.},
  journal = {Physical Review A},
  volume = {55},
  issue = {1},
  pages = {636--640},
  year = {1997},
  month = {Jan},
  publisher = {American Physical Society},
  doi = {10.1103/PhysRevA.55.636},
  url = {https://link.aps.org/doi/10.1103/PhysRevA.55.636}
}

@article{DBG,
   title={{Bose-Einstein} condensation in trapped bosons: 
   {A} variational Monte Carlo analysis},
   author={DuBois, J. L. and Glyde, H. R.},
   journal={Physical Review A},
   volume={63},
   number={2},
   year={2001},
   month={Jan},
   publisher={American Physical Society},
   ISSN={1094-1622},
   DOI={10.1103/physreva.63.023602},
   url={http://dx.doi.org/10.1103/PhysRevA.63.023602},
}

@article{MRRTT,
	author = {Metropolis,Nicholas and Rosenbluth,Arianna W. and Rosenbluth,Marshall N.  and Teller,Augusta H. and Teller,Edward},
	title = {Equation of {State Calculations} by {Fast Computing Machines}},
	journal = {The Journal of Chemical Physics},
	volume = {21},
	number = {6},
	pages = {1087--1092},
	year = {1953},
	doi = {10.1063/1.1699114},
}

@article{NMPGHJP,
   title={Vortices in atomic {Bose-Einstein} condensates in the large-gas-parameter region},
   volume={71},
   ISSN={1094-1622},
   url={http://dx.doi.org/10.1103/PhysRevA.71.053610},
   DOI={10.1103/physreva.71.053610},
   number={5},
   journal={Physical Review A},
   publisher={American Physical Society (APS)},
   author={Nilsen, J. K. and Mur-Petit, J. and Guilleumas, M. and Hjorth-Jensen, M. and Polls, A.},
   year={2005},
   month={May}
}

@article{DS,
   title={Bosons in anisotropic traps: ground state and vortices},
   author={Dalfovo,F. and Stringari,S.},
   volume={53},
   number={4},
   year={1996},
   month={Apr},
   pages={2477–2485},
   journal={Physical Review A},
   publisher={American Physical Society (APS)},
   ISSN={1094-1622},
   url={http://dx.doi.org/10.1103/PhysRevA.53.2477},
   DOI={10.1103/physreva.53.2477},
}

@electronic{JuliaGoal,
 title = {{Why We Created Julia}},
 author = {Jeff Bezanson and Stefan Karpinski and Viral B. Shah and Alan Edelman},
 year = {2012},
 month = {Feb},
 day = {14},
 url = {https://julialang.org/blog/2012/02/why-we-created-julia/},
 note = {Electronic article at https://julialang.org/blog/2012/02/why-we-created-julia/. Accessed on 02.06.2021},
}

@techreport{SWL,
  title = {{Variational Monte Carlo} on {Bosonic Systems}},
  author = {Schøyen,Øyvind S. and Winther-Larsen,Sebastian G.},
  type = {Project report in {FYS4411 – Computational Physics II}}, 
  year = {2018},
  month = {April},
  institution = {University of Oslo},
}

@techreport{GN,
  title = {Project 1},
  author = {Gjestvang,Dorthea and Nordhagen,Even M.},
  type = {Project report in {FYS4411 – Computational Physics II}}, 
  year = {2018},
  month = {May},
  institution = {University of Oslo},
}

@techreport{HLS,
  title = {{Variational Monte Carlo}},
  author = {Heinesen,Daniel and Lange,Gunnar and Salihi,Aram},
  type = {Project report in {FYS4411 – Computational Physics II}}, 
  year = {2018},
  month = {April},
  institution = {University of Oslo},
}

@techreport{PJ,
  title = {{Variational Monte Carlo} of {Bosonic} systems},
  author = {Pedersen,Line G. and Johansen,Trond-Wiggo},
  type = {Project report in {FYS4411 – Computational Physics II}}, 
  year = {2018},
  month = {April},
  institution = {University of Oslo},
}

@techreport{IP,
  title = {{Variational Monte Carlo Study} of {Bosons} in a {Harmonic Oscillator Well}},
  author = {Isacchini,Giulio and Pederiva,Giovanni},
  type = {Project report in {FYS4411 – Computational Physics II}}, 
  year = {2016},
  institution = {University of Oslo},
}

@techreport{KG,
  title = {Project1 {Fys4411}},
  author = {Kristiansen,Håkon E. and Goplen,Stian},
  type = {Project report in {FYS4411 – Computational Physics II}}, 
  year = {2016},
  month = {March},
  institution = {University of Oslo},
}

@techreport{TAU,
      title={Introduction to the {Variational} and {Diffusion Monte Carlo} methods}, 
      author={Julien Toulouse and Roland Assaraf and C. J. Umrigar},
      type = {Pedagogical paper},
      year={2015},
      month = {August},
      institution = {Sorbonne University},
      eprint={1508.02989},
      archivePrefix={arXiv},
      primaryClass={physics.chem-ph}
}